2684 4418
578 501 749 559 —n-

242 727 280 783 (C.
300 729 315 772 1.
335 729 363 772 1..
383 729 413 779 X,
437 730 506 784 7980,
526 743 549 785 p.
574 729 638 786 829.)
662 730 728 773 Urna
751 743 896 781 marmorea,
917 731 1070 783 '1'erran0va,
1095 745 1144 789 rep.

180 822 256 866 prope
272 810 297 853 S.
315 808 432 867 Simpiiei,
450 813 486 853 esi
502 809 567 866 apud
584 809 681 854 Petrum
698 810 830 867 Tamponi.

501 974 503 977 ¹
554 994 587 1038 In
611 994 768 1046 operculo:

633 1107 689 1167 nis

590 1201 737 1247 unumvs

595 1369 628 1412 In
642 1378 728 1412 areo:

467 1463 635 1508 CLAVDIAE
651 1487 660 1495 -
677 1462 855 1507 CALLISTES

290 1542 436 1588 CLAVDIA
453 1567 462 1576 ·
479 1543 547 1587 AVG
564 1569 573 1575 -
590 1543 610 1587 L
626 1568 636 1576 ·
652 1543 794 1587 PYTHIAS
810 1567 821 1574 -
837 1541 1032 1588 ACTENIANA

487 1623 594 1667 meu
610 1648 619 1656 ·
635 1622 834 1668 KARISSIMAE

409 1703 906 1746 V-A-XXI-M-X-D-Xllli

241 1837 296 1896 Joh.
315 1838 424 1882 Schmidt
440 1837 575 1894 descripsit.
598 1836 642 1880 Ed.
661 1836 783 1893 Tamponi
800 1836 866 1893 apud
888 1836 1035 1887 FioreEium,
1054 1835 1147 1879 Notis-ie

178 1917 239 1974 dupli
254 1917 316 1962 snivi
334 1919 402 1968 1881,
421 1932 444 1975 p.
465 1931 516 1973 177.

243 1999 314 2043 Acies
326 1999 384 2056 imp.
398 1999 502 2043 Neronis
519 2004 635 2056 tanquam
648 2013 707 2043 uxor
720 2004 744 2042 ut
756 1999 778 2042 in
793 1997 860 2042 itaiin
874 1997 1000 2042 latifundia
1011 1997 1144 2055 possederit

180 2095 278 2125 neccsse
294 2087 338 2133 est,
358 2081 391 2124 iia
408 2081 430 2124 iu
449 2081 561 2124 Sardinia
578 2086 627 2124 iam
645 2081 706 2124 iiiuii
724 2080 757 2136 in.
777 2081 847 2136 7640,
866 2080 936 2135 7984)
953 2093 1027 2137 quam
1048 2080 1145 2137 tegulae

178 2163 316 2207 divitiarum
333 2163 384 2206 eius
401 2163 547 2206 documenta
563 2165 700 2219 supersunt.
715 2162 767 2205 iioc
784 2174 875 2204 novum
892 2165 928 2205 est
945 2175 1023 2218 neque
1041 2173 1144 2218 usquam
1213 2201 1215 2204 .

178 2245 243 2301 quod
261 2243 335 2287 sciam
355 2243 378 2286 in
401 2256 488 2286 nomen
511 2243 614 2293 trahere.
633 2246 659 2285 ui
676 2242 803 2285 trahuntur
820 2255 834 2285 a
851 2241 938 2285 summi
956 2241 1091 2298 splendoris
1113 2241 1145 2285 ei-

178 2324 248 2367 vibus
265 2324 412 2381 regibusque
429 2323 527 2376 exteris;
551 2323 642 2367 scilieet
658 2322 762 2372 suerunt.
781 2326 807 2365 ut
824 2322 857 2365 ait
880 2322 1010 2366 Suetonius
1027 2321 1084 2366 Ner.
1104 2322 1142 2371 28.

177 2403 218 2460 qui
234 2403 298 2459 regio
309 2416 394 2459 genere
409 2407 484 2446 otiam
496 2402 635 2460 pcicrurcnt.

240 2484 276 2526 ira
293 2497 373 2526 nuova
391 2484 470 2539 lapide
482 2484 546 2526 dciia
558 2483 644 2526 uberta
661 2483 798 2527 Aeieniana
809 2496 857 2526 nou
871 2488 958 2525 manca
975 2481 998 2524 ui
1018 2495 1066 2525 uua
1078 2486 1144 2525 certa

177 2562 328 2618 importauza
345 2563 440 2614 siorica,
466 2563 553 2619 perche
576 2563 596 2606 ci
619 2567 712 2606 mostra
733 2567 795 2606 tuito
812 2563 827 2606 ii
844 2562 906 2605 iasio
922 2561 947 2605 di
963 2562 1045 2618 queiIa
1061 2562 1144 2605 donna

177 2642 218 2700 piir
235 2647 292 2687 nota
309 2643 353 2687 eho
370 2643 459 2687 nobile.
478 2644 518 2699 (T.
538 2644 682 2695 Mommsen,
701 2642 747 2688 lctt.
764 2656 779 2686 a
796 2643 824 2687 P.
849 2642 884 2692 T..
903 2642 1003 2699 maggio
1021 2642 1101 2698 1881.)

240 2931 278 2986 (C.
298 2931 314 2975 1.
333 2931 361 2976 L.
382 2931 412 2981 Χ,
431 2932 501 2986 7981,
520 2944 543 2987 p.
563 2932 627 2986 829.)

584 3045 721 3092 CVRSIVS

458 3136 460 3140 '
536 3126 667 3171 cos'rmi
685 3127 729 3170 -F

536 3207 783 3252 ΑΝΝ-ΧΧ-ΕΤ

536 3289 650 3334 MATER
667 3315 676 3322 ·
693 3290 766 3335 EIVS

538 3371 607 3415 VNO
624 3395 633 3403 -
649 3370 704 3414 DIE
720 3370 765 3414 -F

599 3451 615 3495 S
710 3452 727 3496 S

239 3569 332 3624 Spano,
351 3566 414 3610 leun.
434 3565 516 3614 Sardo,
538 3567 605 3620 1855.
624 3581 648 3622 p.
665 3578 704 3621 91,
723 3570 770 3611 cat.
788 3580 813 3623 p.
831 3577 869 3621 95.

243 3648 340 3692 Cursius
359 3647 445 3691 Lucrini
460 3648 484 3705 s.
507 3645 646 3702 atiniarum)
664 3648 714 3690 XX
731 3651 753 3690 et
774 3650 847 3690 nratcr
868 3645 917 3690 eius
940 3661 984 3690 rme
1002 3646 1039 3689 Δία
1048 3646 1142 3704 smmi)

176 3729 239 3784 spii)
256 3729 333 3784 sfunl)
352 3728 521 3785 potiusquam
539 3726 606 3782 subi)
624 3725 746 3784 aurique).

1049 3858 1074 3904 ,7
