2684 4418
624 516 779 554 ..12-

220 637 346 700 deinde
369 657 401 701 a.
418 639 482 701 544
499 655 624 718 agrum
641 638 839 702 Olbiensem
858 639 995 700 interim
1012 657 1092 701 eum
1111 640 1181 701 uni-

221 762 323 806 versa
341 745 452 805 insula
469 744 705 814 Romanorum
723 744 853 805 sactum
875 746 1183 824 Carthaginienses

221 858 403 910 vastarunt
427 849 514 925 (Liv.
539 849 592 928 27,
617 851 648 926 6,
677 851 736 926 13).
761 849 896 910 Nomen
921 851 1016 928 ponit
1044 859 1183 928 praeter

220 972 325 1033 supra
349 954 475 1016 citatos
490 963 652 1016 auctores
667 954 879 1017 Claudianus
895 955 982 1032 (bell.
999 955 1089 1016 Gild.
1106 956 1181 1017 519:

217 1067 355 1140 partem
379 1061 496 1123 litoreo
519 1062 754 1139 complectitur
780 1061 875 1122 Olmii
897 1062 1021 1138 maro).
1046 1096 1068 1102 η
1097 1062 1182 1123 Fau-

220 1169 355 1231 sianam
379 1167 544 1247 oppidum
560 1165 740 1228 Sardiniae
764 1175 799 1228 et
823 1167 1036 1247 episcopium
1056 1186 1184 1229 memo·

222 1283 336 1337 ratum
368 1274 540 1354 Gregorio
573 1291 700 1354 magno
729 1275 793 1352 (ep.
825 1276 856 1352 d,
885 1275 938 1353 29,
967 1275 1016 1352 ll,
1041 1277 1077 1351 5;
1103 1276 1181 1337 iibri

221 1398 289 1443 non
323 1380 481 1458 variant),
513 1376 668 1460 Φασιανῄν
698 1380 822 1440 indicis
852 1379 1017 1441 Leoniani
1055 1381 1183 1459 episeo-

222 1495 365 1566 patuum
400 1487 443 1564 (p.
479 1486 522 1547 80
558 1485 722 1563 Parthey)
757 1502 968 1564 quamquam
993 1497 1088 1548 recte
1113 1488 1181 1548 iam

221 1593 433 1656 Matthaeius
463 1591 573 1670 (Sard.
606 1611 693 1656 saer.
727 1610 757 1672 p.
796 1593 867 1668 117)
901 1601 1022 1654 contra
1054 1593 1182 1655 Faram

219 1701 362 1779 eiusque
386 1701 539 1761 asseclas
563 1700 696 1761 monuit
719 1701 806 1760 situs
829 1717 905 1760 esse
932 1701 1032 1778 plane
1058 1701 1181 1762 incerti

221 1824 332 1886 neque
361 1807 430 1868 ullo
460 1805 533 1867 iure
561 1805 605 1867 ad
632 1805 870 1867 Terranovam
905 1805 1035 1883 referri,
1065 1807 1183 1868 nihilo·

221 1914 336 1978 minus
367 1921 548 1994 postquam
582 1901 863 1975 membranarum
898 1914 1180 1977 Arboreanarum

222 2040 312 2085 nova
336 2029 534 2084 commenta
558 2021 602 2083 ad
627 2022 789 2101 antiquas
812 2040 925 2102 nugas
948 2032 1182 2101 accesserunt,

222 2131 354 2192 incolae
380 2129 412 2191 id
439 2129 647 2190 vocabulum
672 2129 735 2191 sibi
761 2129 999 2208 imposuerunt
1023 2130 1182 2191 emenda-

221 2246 295 2298 tum
319 2237 485 2316 paullum,
503 2245 540 2296 ut
558 2236 732 2297 Graecum
757 2237 871 2315 magis
886 2235 995 2310 fieret,
1012 2236 1181 2314 hodieque

220 2342 384 2422 oppidum
415 2339 546 2421 gaudet
571 2357 661 2402 novo
692 2342 830 2402 nomine
866 2342 1062 2403 Terrrrnorut
1088 2342 1181 2402 Pau-

219 2465 331 2511 sania.
362 2491 364 2497 -

442 2734 517 2812 (Tu.
543 2733 726 2814 Mouuseu,
750 2735 788 2798 C.
814 2735 837 2798 1.
863 2734 899 2796 L.
924 2734 968 2797 X.
993 2752 1024 2812 p.
1047 2733 1136 2810 829.)
